@article{recfusion,
      title={{RecFusion: A Binomial Diffusion Process for 1D Data for Recommendation}}, 
      author={Gabriel Bénédict and Olivier Jeunen and Samuele Papa and Samarth Bhargav and Daan Odijk and Maarten de Rijke},
      year={2023},
      journal = {{arXiv}},
      note={arXiv: 2306.08947},
      eprint={2306.08947},
      archivePrefix={arXiv},
      primaryClass={cs.IR}
}

@article{sigmoidf1,
title={{sigmoidF1: A Smooth {F1} Score Surrogate Loss for Multilabel Classification}},
author={Gabriel B{\'e}n{\'e}dict and Hendrik Vincent Koops and Daan Odijk and Maarten de Rijke},
journal={{TMLR}},
year={2022},
url={https://openreview.net/forum?id=gvSHaaD2wQ},
note={}
}

@article{intent,
author = {B\'{e}n\'{e}dict, Gabriel and Odijk, Daan and de Rijke, Maarten},
title = {{Intent-Satisfaction Modeling: From Music to Video Streaming}},
year = {2023},
url = {https://doi.org/10.1145/3606375},
journal = {TORS},
}

@inproceedings{radio,
author = {Vrijenhoek, Sanne and B\'{e}n\'{e}dict, Gabriel and Gutierrez Granada, Mateo and Odijk, Daan and de Rijke, Maarten},
title = {{RADio – Rank-Aware Divergence Metrics to Measure Normative Diversity in News Recommendations}},
year = {2022},
url = {https://doi.org/10.1145/3523227.3546780},
series = {RecSys}
}

@article{genir,
      title={{The First Workshop on Generative Information Retrieval}}, 
      author={Gabriel Bénédict and Ruqing Zhang and Donald Metzler},
      year={2023},
      eprint={2306.02887},
      note={arXiv: 2306.02887},      
      archivePrefix={arXiv},
      primaryClass={cs.IR},
      journal = {SIGIR}
}


@article{trec,
      title={{The University of Amsterdam at the TREC 2021 Fair Ranking Track}}, 
      author={Ali Vardasbi and Gabriel Bénédict and Shashank Gupta and Maria Heuss and Pooya Khandel and Ming Li and Fatemeh Sarvi},
      year={2021},
      journal = {TREC Fair Ranking}
}

@article{gans,
      title={{Generative Adversarial Networks}}, 
      author={Gabriel Bénédict},
      year={2021},
      journal={Spectra ML Review Paper Competition},
      url={https://spectra.mathpix.com/article/2021.09.00009/gans}
}

@inproceedings{spotifyIntent,
	author = {Mehrotra, Rishabh and Lalmas, Mounia and Kenney, Doug and Lim-Meng, Thomas and Hashemian, Golli},
	booktitle = {The World Wide Web Conference on - WWW '19},
	date-modified = {2022-04-29 10:58:31 +0200},
	doi = {10.1145/3308558.3313613},
	publisher = {ACM Press},
	title = {{Jointly Leveraging Intent and Interaction Signals to Predict User Satisfaction with Slate Recommendations}},
	url = {http://dx.doi.org/10.1145/3308558.3313613},
	year = 2019,
	bdsk-url-1 = {http://dx.doi.org/10.1145/3308558.3313613}
}


@Article{oldPersonalizationBehavior,
  author       = {Bennett, Paul N. and White, Ryen W. and Chu, Wei and
                  Dumais, Susan T. and Bailey, Peter and Borisyuk,
                  Fedor and Cui, Xiaoyuan},
  title        = {Modeling the impact of short- and long-term behavior
                  on search personalization},
  year         = 2012,
  month        = {Aug},
  doi          = {10.1145/2348283.2348312},
  url          = {http://dx.doi.org/10.1145/2348283.2348312},
  journal      = {Proceedings of the 35th international ACM SIGIR
                  conference on Research and development in
                  information retrieval},
  publisher    = {ACM}
}

@Article{oldPersonalizationSearch,
  author       = {Teevan, Jaime and Dumais, Susan T. and Horvitz,
                  Eric},
  title        = {Personalizing Search via Automated Analysis of
                  Interests and Activities},
  year         = 2018,
  volume       = 51,
  number       = 3,
  month        = {Feb},
  pages        = {10–17},
  issn         = {0163-5840},
  doi          = {10.1145/3190580.3190582},
  url          = {http://dx.doi.org/10.1145/3190580.3190582},
  journal      = {ACM SIGIR Forum},
  publisher    = {Association for Computing Machinery (ACM)}
}

